@article{neese2018,
  title      = {Software update: the {ORCA} program system, version 4.0},
  volume     = {8},
  issn       = {1759-0884},
  shorttitle = {Software update},
  doi        = {10.1002/wcms.1327},
  abstract   = {This short update provides an overview of the capabilities that have been added to the ORCA electronic structure package (version 4.0) since publication of the first article in 2012. WIREs Comput Mol Sci 2018, 8:e1327. doi: 10.1002/wcms.1327 This article is categorized under: Electronic Structure Theory {\textgreater} Ab Initio Electronic Structure Methods Electronic Structure Theory {\textgreater} Density Functional Theory Software {\textgreater} Quantum Chemistry},
  language   = {en},
  number     = {1},
  journal    = {WIREs Computational Molecular Science},
  author     = {Neese, Frank},
  year       = {2018},
  pages      = {e1327},
  file       = {Full Text PDF:/Users/mjhong/Zotero/storage/H9CU452X/Neese - 2018 - Software update the ORCA program system, version .pdf:application/pdf;Snapshot:/Users/mjhong/Zotero/storage/PLF9KLZN/wcms.html:text/html}
}
